@techreport{Example_citation,
	type = {Standard},
	key = {Example_citation},
	month = mar,
	year = {2015},
	title = {This is the title},
	institution = {This is the institution publishing the report}
}