@techreport{ISO26262:2018,
type = {Standard},
key = {ISO 26262:2018(E)},
month = dec,
year = {2018},
title = {{ISO 26262:2018 Road vehicles - Functional safety}},
address = {Geneva, CH},
institution = {International Organization for Standardization}
}

@techreport{ISO3300x:2015,
	type = {Standard},
	key = {ISO 33001:2015(E)},
	month = mar,
	year = {2015},
	title = {{ISO 3300x:2015 Information technology.  Process assessment}},
	institution = {ISO/IEC JTC 1/SC 7 Software and Systems Engineering}
}

@misc{AnnexQR,
	title = {Annex QR},
	howpublished = {\url{https://sil2.osadl.org/user/data/SIL2LinuxMP/doc/other/AnnexQR/AnnexQR.pdf}}
}


@techreport{UL1998,
	type = {Standard},
	key = {UL1998},
	month = sep,
	year = {2018},
	title = {{UL 1998, Software in programmable components}},
	institution = {UL}
}

@techreport{CSA0.8,
	type = {Standard},
	key = {CSA C22.2 No. 0.8},
	month = feb,
	year = {2019},
	title = {{CSA C22.2 No. 0.8, Safety functions incorporating electronic technology}},
	institution = {CSA}
}

@techreport{EN50271,
	type = {Standard},
	key = {EN 50271},
	month = jun,
	year = {2018},
	title = {{EN 50271, Electrical apparatus for the detection and measurement of combustible gases, toxic gases or oxygen - Requirements and tests for apparatus using software and/or digital technologies}},
	institution = {EN}
}

@techreport{ISO9001:2015,
	type = {Standard},
	key = {ISO 9001:2015(E)},
	month = nov,
	year = {2015},
	title = {{ISO 9001:2015 Qualitätsmanagementsysteme - Anforderungen (ISO 9001:2015); Deutsche und Englische Fassung EN ISO 9001:2015}},
	institution = {DIN-Normenausschuss Qualitätsmanagement, Statistik und Zertifizierungsgrundlagen (NQSZ)}
}

@techreport{IEC61508:2010,
	type = {Standard},
	key = {IEC 61508:2010},
	month = apr,
	year = {2010},
	title = {{IEC 61508:2010 Functional safety of electrical/electronic/programmable electronic safety-related systems}},
	institution = {IEC Internationale Elektrotechnische Kommission}
}

@misc{CMMI,
title = {{CMMI}},
howpublished = {\url{https://cmmiinstitute.com/}}
}

@misc{ASPICE,
	title = {{ASPICE}},
	howpublished = {\url{http://www.automotivespice.com/}}
}

@techreport{IEEE1003.1:2010,
	type = {Standard},
	key = {IEEE 1003.1:2017},
	month = jan,
	year = {2017},
	title = {{IEEE Standard for Information Technology - Portable Operating System Interface (POSIX(R)) Base Specifications}},
	institution = {IEEE The Institute of Electrical and Electronics Engineers, Inc}
}

@techreport{IEEE1003.13:2003,
	type = {Standard},
	key = {IEEE 1003.13:2003},
	month = jan,
	year = {2003},
	title = {{Information technology - Standardized application environment profile (AEP) - POSIX<(hoch)®> realtime and embedded application support}},
	institution = {IEEE The Institute of Electrical and Electronics Engineers, Inc}
}

@techreport{DINEN50128,
	type = {Standard},
	key = {DINEN50128},
	month = mar,
	year = {2012},
	title = {{Bahnanwendungen - Telekommunikationstechnik, Signaltechnik und Datenverarbeitungssysteme - Software für Eisenbahnsteuerungs- und Überwachungssysteme}},
	institution = {DIN Deutsches Institut für Normung e. V.}
}

@techreport{UL1998,
	type = {Standard},
	key = {UL1998},
	month = sep,
	year = {2018},
	title = {{UL 1998, Software in Programmable Components}},
	institution = {UL}
}

@techreport{CSA0.8,
	type = {Standard},
	key = {CSA C22.2 No. 0.8},
	month = feb,
	year = {2019},
	title = {{CSA C22.2 No. 0.8, Safety Functions Incorporating Electronic Technology}},
	institution = {CSA}
}

@techreport{EN50271,
	type = {Standard},
	key = {EN 50271},
	month = jun,
	year = {2018},
	title = {{EN 50271, Electrical Apparatus for the Detection and Measurement of Combustible Gases, Toxic Gases or Oxygen - Requirements and Tests for Apparatus Using Software and/or Digital Technologies}},
	institution = {EN}
}

@techreport{IEC62304,
	type = {Standard},
	key = {IEC 62304},
	month = jun,
	year = {2015},
	title = {{IEC 62304, Medical Device Software - Software Life Cycle Processes}},
	institution = {IEC}
}
